@article{gouzouasis2011future,
  title={The future of music making and music education in a transformative digital world},
  author={Gouzouasis, Peter and Bakan, Danny},
  journal={The University of Melbourne refereed e-journal},
  volume={2},
  year={2011}
}

@article{london2011unlocking,
  title={Unlocking the value of Web 2.0 technologies for training and development: The shift from instructor-controlled, adaptive learning to learner-driven, generative learning},
  author={London, Manuel and Hall, MJ},
  journal={Human Resource Management},
  volume={50},
  number={6},
  pages={757--775},
  year={2011},
  publisher={Wiley Online Library}
}

@misc{ theOrchestra,
   title = {The Orchestra},
   howpublished = {\url{http://orchestra.touchpress.com}},
 }

@misc{taiko,
title = {Taiko no Tatsujin},
howpublished = {\url{http://taiko-ch.net}},
}

@misc{ audiotool,
   title = {Audiotool},
   howpublished = {\url{http://www.audiotool.com}},
 }
 
@inproceedings{wang2009designing,
  title={Designing smule?s ocarina: The iphone?s magic flute},
  author={Wang, Ge},
  booktitle={Proceedings of the International Conference on New Interfaces for Musical Expression},
  pages={303--307},
  year={2009}
}

@inproceedings{taivalsaari2011web,
  title={The web as an application platform: The saga continues},
  author={Taivalsaari, Antero and Mikkonen, Tommi},
  booktitle={Software Engineering and Advanced Applications (SEAA), 2011 37th EUROMICRO Conference on},
  pages={170--174},
  year={2011},
  organization={IEEE}
}

@book{firtman2010programming,
  title={Programming the mobile web},
  author={Firtman, Maximiliano},
  year={2010},
  publisher={" O'Reilly Media, Inc."}
}

@article{raggett1999html,
  title={HTML 4.01 Specification},
  author={Raggett, Dave and Le Hors, Arnaud and Jacobs, Ian and others},
  journal={W3C recommendation},
  volume={24},
  year={1999}
}

@book{sebesta2008programming,
  title={Programming the world wide web},
  author={Sebesta, Robert W},
  year={2008},
  publisher={Pearson Addison Wesley}
}

@misc{bos1998cascading,
  title={Cascading style sheets, level 2 CSS2 specification},
  author={Bos, Bert and Lie, H{\aa}kon Wium and Lilley, Chris and Jacobs, Ian},
  year={1998}
}

@book{chapman2007web,
  title={Web design: a complete introduction},
  author={Chapman, Nigel and Chapman, Jenny},
  year={2007},
  publisher={John Wiley \& Sons}
}

@book{goodman2007javascript,
  title={JavaScript bible},
  author={Goodman, Danny},
  year={2007},
  publisher={John Wiley \& Sons}
}

@article{nicol2001document,
  title={Document object model (DOM) level 3 core specification},
  author={Nicol, Gavin and Wood, Lauren and Champion, Mike and Byrne, Steve},
  journal={W3C Working Draft},
  volume={13},
  pages={1--146},
  year={2001}
}

@book{bates2002web,
  title={Web Programming Building Internet Applications},
  author={Bates, Chris},
  year={2002},
  publisher={John Wiley \& Sons}
}

@book{smus2013web,
  title={Web audio API},
  author={Smus, Boris},
  year={2013},
  publisher={" O'Reilly Media, Inc."}
}



